@inproceedings{Sutskever:2014:SSL:2969033.2969173,
 author = {Sutskever, Ilya and Vinyals, Oriol and Le, Quoc V.},
 title = {{Sequence to Sequence Learning with Neural Networks}},
 booktitle = {Proceedings of the 27th International Conference on Neural Information Processing Systems},
 series = {NIPS'14},
 year = {2014},
 pages = {3104--3112},
 publisher = {MIT Press},
 address = {Cambridge, MA, USA},
}

@article{DBLP:journals/corr/abs-1301-3781,
  author    = {Tomas Mikolov and
               Kai Chen and
               Greg Corrado and
               Jeffrey Dean},
  title     = {{Efficient Estimation of Word Representations in Vector Space}},
  journal   = {CoRR},
  volume    = {abs/1301.3781},
  year      = {2013},
}

@INPROCEEDINGS{cho-al-emnlp14,
     author = {Cho, Kyunghyun and van Merri{\"{e}}nboer, Bart and G{\"{u}}l{\c c}ehre, {\c C}aÄŸlar and Bahdanau, Dzmitry and Bougares, Fethi and Schwenk, Holger and Bengio, Yoshua},
      month = oct,
      title = {{Learning Phrase Representations using RNN Encoder--Decoder for Statistical Machine Translation}},
  booktitle = {Proceedings of the 2014 Conference on Empirical Methods in Natural Language Processing (EMNLP)},
       year = {2014},
      pages = {1724--1734},
  publisher = {Association for Computational Linguistics},
    address = {Doha, Qatar}
}

@article{journals/corr/VinyalsL15,
  author = {Vinyals, Oriol and Le, Quoc V.},
  journal = {CoRR},
  title = {{A Neural Conversational Model.}},
  volume = {abs/1506.05869},
  year = 2015
}

@INPROCEEDINGS{squad-2016,
     author = {Rajpurkar, Pranav and Zhang, Jian and Lopyrev, Konstantin and Liang, Percy},
      month = oct,
      title = {{SQuAD: 100,000+ Questions for Machine Comprehension of Text}},
  booktitle = {Proceedings of the 2016 Conference on Empirical Methods in Natural Language Processing (EMNLP)},
       year = {2016},
  publisher = {Association for Computational Linguistics},
}

@inproceedings{DBLP:conf/nips/NguyenRSGTMD16,
  author    = {Tri Nguyen and
               Mir Rosenberg and
               Xia Song and
               Jianfeng Gao and
               Saurabh Tiwary and
               Rangan Majumder and
               Li Deng},
  title     = {{MS} {MARCO:} {A} {Human Generated MAchine Reading COmprehension Dataset}},
  booktitle = {Proceedings of the Workshop on Cognitive Computation: Integrating
               neural and symbolic approaches 2016 co-located with the 30th Annual
               Conference on Neural Information Processing Systems {(NIPS} 2016),
               Barcelona, Spain, December 9, 2016.},
  year      = {2016}
}

@article{journals/corr/LuongPM15,
  author = {Luong, Minh-Thang and Pham, Hieu and Manning, Christopher D.},
  journal = {CoRR},
  title = {{Effective Approaches to Attention-based Neural Machine Translation.}},
  volume = {abs/1508.04025},
  year = 2015
}

@INPROCEEDINGS{jean-al-acl2015,
     author = {Jean, S{\'{e}}bastien and Cho, Kyunghyun and Memisevic, Roland and Bengio, Yoshua},
      month = jul,
      title = {{On Using Very Large Target Vocabulary for Neural Machine Translation}},
  booktitle = {Proceedings of the 53rd Annual Meeting of the Association for Computational Linguistics and the 7th International Joint Conference on Natural Language Processing (Volume 1: Long Papers)},
       year = {2015},
      pages = {1--10},
  publisher = {Association for Computational Linguistics},
    address = {Beijing, China}
}

@article{DBLP:journals/corr/WuSCLNMKCGMKSJL16,
  author    = {Yonghui Wu and
               Mike Schuster and
               Zhifeng Chen and
               Quoc V. Le and
               Mohammad Norouzi and
               Wolfgang Macherey and
               Maxim Krikun and
               Yuan Cao and
               Qin Gao and
               Klaus Macherey and
               Jeff Klingner and
               Apurva Shah and
               Melvin Johnson and
               Xiaobing Liu and
               Lukasz Kaiser and
               Stephan Gouws and
               Yoshikiyo Kato and
               Taku Kudo and
               Hideto Kazawa and
               Keith Stevens and
               George Kurian and
               Nishant Patil and
               Wei Wang and
               Cliff Young and
               Jason Smith and
               Jason Riesa and
               Alex Rudnick and
               Oriol Vinyals and
               Greg Corrado and
               Macduff Hughes and
               Jeffrey Dean},
  title     = {Google's Neural Machine Translation System: Bridging the Gap between
               Human and Machine Translation},
  journal   = {CoRR},
  volume    = {abs/1609.08144},
  year      = {2016}
}

